@book{satiro2021desempenho,
  title={Determinantes quantitativos do desempenho judicial},
  author={S{\'a}tiro, Renato M. and Sousa, Marcos de Moraes},
  year={2021},
  publisher={Revista Direito GV}
}


@book{koenker2005,
  title={Quantile Regression},
  author={Roger Koenker},
  year={2005},
publisher={Cambridge University Press}
}

@book{kutner,
  title={Applied Linear Statistical Models},
  author={Michael H. Kutner and Christopher J. Nachtsheim and John Neter and William Li },
  year={2008},
  edition="5th",
publisher={Cambridge University Press}
}


@book{montgomerylra,
  title={Introduction to Linear Regression Analysis},
  author={Douglas Montgomery and others},
  edition="5th",
  year={2012},
publisher={Wiley}
}


@article{bassettkoenker,
  title={Regression Quantiles},
  author={Roger Koenker and Gilbert Bassett},
  month={Janeiro},
  year={1978},
  journal={ The Econometric Society},
  url={http://www.jstor.org/stable/1913643}
}

@article{kocherginsky2005,
  title={Practical confidence intervals for regression quantiles},
  author={Masha Kocherginsky and Xuming He and Yunming Mu},
  year={2005},
  journal={Journal of Computational and Graphical Statistics},
  url={https://www.jstor.org/stable/27594096}
}

@misc{brunoramodossantos,
    author = {Bruno Ramos dos Santos},
    title = {Modelos de Regressão Quantílica},
    year         = {2012},
    month        = {Março},
    organization = {Brasil},
    url          = {https://teses.usp.br/teses/disponiveis/45/45133/tde-12042012-154333/publico/DissertacaoBrunoRamosdosSantos.pdf}
}



@article{hall_and_sheather_1988,
  title={On the Distribution of a Studentized Quantile},
  author={Peter Hall and Simon J. Sheather},
  year={1988},
  journal={Journal of the Royal Statistical Society},
  url={https://www.jstor.org/stable/2345702}
}



@misc{juizo100digital,
    author = {CNJ},
    title = {Resolução Nº 345, de 9 de outubro de 2020},
    subtitle = {Dispõe sobre o “Juízo 100\% Digital” e dá outras providências.},
    journal      = {Conselho Nacional de Justiça},
    year         = {2020},
    date         = {2020-10-09},
    organization = {Brasil},
    url          = {https://atos.cnj.jus.br/atos/detalhar/3512},
    shorttitle   = {Resolução Nº 345 de 09/10/2020}
}

@misc{painelestatistica,
    author = {CNJ},
    title = {Painel de Estatísticas do Poder Judiciário},
    journal      = {Conselho Nacional de Justiça},
    year         = {2023},
    date         = {2023-04-24},
    organization = {Brasil},
    url          = {https://painel-estatistica.stg.cloud.cnj.jus.br/estatisticas.html},
    shorttitle   = {Resolução Nº 345 de 09/10/2020}
}

@misc{pje,
    author = {CNJ},
    title = {Resolução Nº 185, de 18 de dezembro de 2013},
    subtitle = {Institui o Sistema Processo Judicial Eletrônico - PJe como sistema de processamento de informações e prática de atos processuais e estabelece os parâmetros para sua implementação e funcionamento},
    journal      = {Conselho Nacional de Justiça},
    year         = {2013},
    date         = {2013-12-18},
    organization = {Brasil},
    url          = {https://atos.cnj.jus.br/atos/detalhar/3512},
    shorttitle   = {Resolução Nº 345 de 09/10/2020}
}

@misc{justicaemnumeros,
    author = {CNJ},
    title = {Justiça em Números},
    journal      = {Conselho Nacional de Justiça},
    year         = {2022},
    organization = {Brasil},
    url          = {https://www.cnj.jus.br/wp-content/uploads/2022/09/justica-em-numeros-2022-1.pdf},
    shorttitle   = {Resolução Nº 345 de 09/10/2020}
}

@misc{datajud,
    author = {CNJ},
    title = {Resolução Nº 331, de 20 de agosto de 2020},
    subtitle = {Institui a Base Nacional de Dados do Poder Judiciário – DataJud como fonte primária de dados do Sistema de Estatística do Poder Judiciário – SIESPJ para os tribunais indicados nos incisos II a VII do art. 92 da Constituição Federal.},
    journal      = {Conselho Nacional de Justiça},
    year         = {2020},
    date         = {2020-10-20},
    organization = {Brasil},
    url          = {https://atos.cnj.jus.br/atos/detalhar/3428},
    shorttitle   = {Resolução Nº 345 de 09/10/2020}
}


@misc{hierarquiajudicial,
    author = {CNJ},
    title = {Panorama e Estrutura do Poder Judiciário Brasileiro},
    journal      = {Conselho Nacional de Justiça},
    organization = {Brasil},
    url          = {https://www.cnj.jus.br/poder-judiciario/panorama-e-estrutura-do-poder-judiciario-brasileiro/}
}

